<?xml version="1.0" encoding="UTF-8"?><collection xmlns="http://www.loc.gov/MARC21/slim"><record><leader>00551nam--2200193-i-4500</leader><controlfield tag="001">000034201</controlfield><controlfield tag="002">20161230</controlfield><controlfield tag="005">20161230201039</controlfield><controlfield tag="008">060222s1000------------r-----000-0-rum-d</controlfield><datafield ind1=" " ind2=" " tag="040"><subfield code="a">IFIN-HH</subfield></datafield><datafield ind1=" " ind2=" " tag="041"><subfield code="a">rum</subfield></datafield><datafield ind1=" " ind2=" " tag="080"><subfield code="a">538.91</subfield></datafield><datafield ind1="1" ind2=" " tag="100"><subfield code="a">Motoc, Cornelia</subfield></datafield><datafield ind1="1" ind2="0" tag="245"><subfield code="a">Introducere in fizica cristalelor lichide</subfield><subfield code="b">Vol.1: structuri si texturi. teorii si proprietati</subfield><subfield code="c">Cornelia Motoc, Ion Muscutariu</subfield></datafield><datafield ind1=" " ind2=" " tag="260"><subfield code="a">Timisoara, Ed.Facla, 1986,</subfield></datafield><datafield ind1=" " ind2=" " tag="300"><subfield code="a">208P</subfield></datafield><datafield ind1="1" ind2=" " tag="700"><subfield code="a">Muscutariu, Ion</subfield></datafield><datafield ind1=" " ind2=" " tag="852"><subfield code="a">73212</subfield><subfield code="c">532</subfield></datafield><datafield ind1=" " ind2=" " tag="CAT"><subfield code="a">Sys</subfield><subfield code="c">20100726</subfield><subfield code="h">103929</subfield></datafield></record></collection>